<record><leader>00000cas a22000007a 4500</leader><controlfield tag="001">12110666</controlfield><controlfield tag="008">850603d19061971okudn ne      0    0eng  </controlfield><controlfield tag="009">466</controlfield><datafield ind1=" " ind2=" " tag="010"><subfield code="a">sn 85042311 </subfield></datafield><datafield ind1=" " ind2=" " tag="040"><subfield code="a">DLC</subfield><subfield code="b">eng</subfield><subfield code="c">DLC</subfield><subfield code="d">NPT</subfield><subfield code="d">KNP</subfield><subfield code="d">DLC</subfield><subfield code="d">OBN</subfield><subfield code="d">OCLCQ</subfield><subfield code="d">OCLCO</subfield><subfield code="d">OCLCF</subfield></datafield><datafield ind1="1" ind2=" " tag="029"><subfield code="a">AU@</subfield><subfield code="b">000020379958</subfield></datafield><datafield ind1=" " ind2=" " tag="042"><subfield code="a">msc</subfield></datafield><datafield ind1="0" ind2="0" tag="245"><subfield code="a">Muskogee times-democrat.</subfield></datafield><datafield ind1="3" ind2=" " tag="246"><subfield code="a">Muskogee times democrat</subfield></datafield><datafield ind1=" " ind2=" " tag="260"><subfield code="a">Muskogee, Okla. :</subfield><subfield code="b">Democrat Pub. Co.</subfield></datafield><datafield ind1=" " ind2=" " tag="300"><subfield code="a">v.</subfield></datafield><datafield ind1=" " ind2=" " tag="310"><subfield code="a">Daily (except Sunday)</subfield></datafield><datafield ind1="0" ind2=" " tag="362"><subfield code="a">Vol. 7, no. 135 (Feb. 20, 1906)-v. 76, no. 128 (May 29, 1971).</subfield></datafield><datafield ind1=" " ind2="0" tag="651"><subfield code="a">Muskogee (Okla.)</subfield><subfield code="v">Newspapers.</subfield></datafield><datafield ind1=" " ind2="0" tag="651"><subfield code="a">Muskogee County (Okla.)</subfield><subfield code="v">Newspapers.</subfield></datafield><datafield ind1=" " ind2="7" tag="655"><subfield code="a">Newspapers.</subfield><subfield code="2">fast</subfield><subfield code="0">(OCoLC)fst01423814</subfield></datafield><datafield ind1=" " ind2="7" tag="651"><subfield code="a">Oklahoma</subfield><subfield code="z">Muskogee.</subfield><subfield code="2">fast</subfield><subfield code="0">(OCoLC)fst01218306</subfield></datafield><datafield ind1=" " ind2="7" tag="651"><subfield code="a">Oklahoma</subfield><subfield code="z">Muskogee County.</subfield><subfield code="2">fast</subfield><subfield code="0">(OCoLC)fst01218307</subfield></datafield><datafield ind1=" " ind2=" " tag="752"><subfield code="a">United States</subfield><subfield code="b">Oklahoma</subfield><subfield code="c">Muskogee</subfield><subfield code="d">Muskogee.</subfield></datafield><datafield ind1="0" ind2="4" tag="780"><subfield code="t">Muskogee evening times (Muskogee, Okla. : 1897)</subfield><subfield code="w">(DLC)sn 95076292</subfield><subfield code="w">(OCoLC)33343354</subfield></datafield><datafield ind1="0" ind2="4" tag="780"><subfield code="t">Muskogee democrat (Muskogee, Okla. : 1904)</subfield><subfield code="w">(DLC)sn 95076291</subfield><subfield code="w">(OCoLC)33343347</subfield></datafield><datafield ind1="0" ind2="7" tag="785"><subfield code="t">Muskogee daily phoenix</subfield><subfield code="w">(DLC)sn 85042347</subfield><subfield code="w">(OCoLC)12230455</subfield></datafield><datafield ind1="0" ind2="7" tag="785"><subfield code="t">Muskogee daily phoenix and times-democrat</subfield><subfield code="w">(DLC)sn 85042348</subfield><subfield code="w">(OCoLC)12230536</subfield></datafield><datafield ind1="1" ind2=" " tag="775"><subfield code="t">Muskogee County democrat</subfield><subfield code="w">(DLC)sn 95076290</subfield><subfield code="w">(OCoLC)33343336</subfield></datafield></record>